<collection xmlns="http://www.loc.gov/MARC21/slim">
<record>
  <leader>02890nam0a2200457 i 450 </leader>
  <controlfield tag="001">IT\ICCU\CNCE\002753</controlfield>
  <controlfield tag="005">20160314000000.0</controlfield>
  <datafield tag="012" ind1=" " ind2=" ">
    <subfield code="a">i.re e,ia e.e, GePe (3) 1567 (R)</subfield>
    <subfield code="2">fei</subfield>
  </datafield>
  <datafield tag="100" ind1=" " ind2=" ">
    <subfield code="a">19970101d1567        0itac0103    ba</subfield>
  </datafield>
  <datafield tag="101" ind1=" " ind2=" ">
    <subfield code="a">ITA</subfield>
  </datafield>
  <datafield tag="102" ind1=" " ind2=" ">
    <subfield code="a">IT</subfield>
  </datafield>
  <datafield tag="200" ind1="1" ind2=" ">
    <subfield code="a">Orlando furioso di m. Lodouico Ariosto con cinque nuoui canti del medesimo ... Vita dell&apos;auttore scritta per Simon Fornari ... Annotationi ... di Lodouico Dolce, et d&apos;altri ... Dichiaratione d&apos;historie ... di Thomaso Porcacchi</subfield>
  </datafield>
  <datafield tag="210" ind1=" " ind2=" ">
    <subfield code="a">In Venetia</subfield>
    <subfield code="c">per Gio. Andrea Valuassori detto Guadagnino</subfield>
    <subfield code="d">1567</subfield>
  </datafield>
  <datafield tag="215" ind1=" " ind2=" ">
    <subfield code="a">\16!, 622, \70! p.</subfield>
    <subfield code="c">ill.</subfield>
    <subfield code="d">4ʻ</subfield>
  </datafield>
  <datafield tag="300" ind1=" " ind2=" ">
    <subfield code="a">A p. 567 altro front.: Cinque canti di m. Lodouico Ariosto, i quali seguono la materia del Furioso ... - In Venetia : per Gio. Andrea Valuassori detto Guadagnino, 1566</subfield>
  </datafield>
  <datafield tag="620" ind1=" " ind2=" ">
    <subfield code="a">IT</subfield>
    <subfield code="d">Venezia</subfield>
  </datafield>
  <datafield tag="700" ind1=" " ind2="1">
    <subfield code="a">Ariosto,</subfield>
    <subfield code="b">Ludovico</subfield>
    <subfield code="3">IT\ICCU\CNCA\000866</subfield>
  </datafield>
  <datafield tag="702" ind1=" " ind2="1">
    <subfield code="a">Dolce,</subfield>
    <subfield code="b">Lodovico</subfield>
    <subfield code="3">IT\ICCU\CNCA\000014</subfield>
  </datafield>
  <datafield tag="702" ind1=" " ind2="1">
    <subfield code="a">Porcacchi,</subfield>
    <subfield code="b">Tommaso</subfield>
    <subfield code="3">IT\ICCU\CNCA\000149</subfield>
  </datafield>
  <datafield tag="702" ind1=" " ind2="1">
    <subfield code="a">Fornari,</subfield>
    <subfield code="b">Simone</subfield>
    <subfield code="3">IT\ICCU\CNCA\000261</subfield>
  </datafield>
  <datafield tag="712" ind1="0" ind2="0">
    <subfield code="a">Valvassori, Giovanni Andrea</subfield>
    <subfield code="3">IT\ICCU\CNCT\000431</subfield>
    <subfield code="4">650</subfield>
  </datafield>
  <datafield tag="790" ind1=" " ind2="1">
    <subfield code="a">Dulcius,</subfield>
    <subfield code="b">Ludovicus</subfield>
    <subfield code="3">IT\ICCU\CNCA\018398</subfield>
    <subfield code="z">Dolce, Lodovico</subfield>
  </datafield>
  <datafield tag="790" ind1=" " ind2="1">
    <subfield code="a">Dolci,</subfield>
    <subfield code="b">Lodovico</subfield>
    <subfield code="3">IT\ICCU\CNCA\018400</subfield>
    <subfield code="z">Dolce, Lodovico</subfield>
  </datafield>
  <datafield tag="790" ind1=" " ind2="1">
    <subfield code="a">Porcacchi da Castiglione,</subfield>
    <subfield code="b">Tomaso</subfield>
    <subfield code="3">IT\ICCU\CNCA\014928</subfield>
    <subfield code="z">Porcacchi, Tommaso</subfield>
  </datafield>
  <datafield tag="791" ind1="0" ind2="0">
    <subfield code="a">Vavassor, Ioannes Andreas</subfield>
    <subfield code="3">IT\ICCU\CNCT\004148</subfield>
    <subfield code="z">Valvassori, Giovanni Andrea</subfield>
  </datafield>
  <datafield tag="791" ind1="0" ind2="0">
    <subfield code="a">Guadagninus de Vavassoribus, Ioannes Andreas</subfield>
    <subfield code="3">IT\ICCU\CNCT\005847</subfield>
    <subfield code="z">Valvassori, Giovanni Andrea</subfield>
  </datafield>
  <datafield tag="791" ind1="0" ind2="0">
    <subfield code="a">Vavassore, Guadagnino di</subfield>
    <subfield code="3">IT\ICCU\CNCT\005848</subfield>
    <subfield code="z">Valvassori, Giovanni Andrea</subfield>
  </datafield>
  <datafield tag="791" ind1="0" ind2="0">
    <subfield code="a">Vavassori, Giovan Andrea</subfield>
    <subfield code="3">IT\ICCU\CNCT\005849</subfield>
    <subfield code="z">Valvassori, Giovanni Andrea</subfield>
  </datafield>
  <datafield tag="791" ind1="0" ind2="0">
    <subfield code="a">Valvassore, Giovanni Andrea</subfield>
    <subfield code="3">IT\ICCU\CNCT\005850</subfield>
    <subfield code="z">Valvassori, Giovanni Andrea</subfield>
  </datafield>
  <datafield tag="801" ind1=" " ind2="3">
    <subfield code="a">IT</subfield>
    <subfield code="b">ICCU</subfield>
    <subfield code="c">20201113</subfield>
  </datafield>
  <datafield tag="899" ind1=" " ind2=" ">
    <subfield code="a">Biblioteca del Seminario vescovile Santa Maria della Pace. Cremona</subfield>
    <subfield code="1">CR0061</subfield>
    <subfield code="2">PBE 48</subfield>
  </datafield>
  <datafield tag="899" ind1=" " ind2=" ">
    <subfield code="a">Biblioteca comunale Ariostea. Ferrara</subfield>
    <subfield code="1">FE0017</subfield>
    <subfield code="2">UFE AR</subfield>
  </datafield>
  <datafield tag="899" ind1=" " ind2=" ">
    <subfield code="a">Biblioteca nazionale centrale. Firenze</subfield>
    <subfield code="1">FI0098</subfield>
    <subfield code="2">CFI CF</subfield>
  </datafield>
  <datafield tag="899" ind1=" " ind2=" ">
    <subfield code="a">Biblioteca Palatina. Parma</subfield>
    <subfield code="1">PR0072</subfield>
    <subfield code="2">PAR PA</subfield>
  </datafield>
  <datafield tag="899" ind1=" " ind2=" ">
    <subfield code="a">Biblioteca comunale Classense. Ravenna</subfield>
    <subfield code="1">RA0036</subfield>
    <subfield code="2">RAV CL</subfield>
  </datafield>
  <datafield tag="899" ind1=" " ind2=" ">
    <subfield code="a">Biblioteca  Panizzi. Reggio Emilia</subfield>
    <subfield code="1">RE0052</subfield>
    <subfield code="2">RE2 PA</subfield>
  </datafield>
  <datafield tag="899" ind1=" " ind2=" ">
    <subfield code="a">Biblioteca comunale. Treviso</subfield>
    <subfield code="1">TV0114</subfield>
    <subfield code="2">VIA CT</subfield>
  </datafield>
  <datafield tag="911" ind1=" " ind2=" ">
    <subfield code="a">in fine</subfield>
    <subfield code="9">IT\ICCU\CNCM\001092</subfield>
  </datafield>
  <datafield tag="911" ind1=" " ind2=" ">
    <subfield code="a">Sul front. del v.2</subfield>
    <subfield code="9">IT\ICCU\CNCM\000259</subfield>
  </datafield>
  <datafield tag="921" ind1=" " ind2=" ">
    <subfield code="a">IT\ICCU\CNCM\001092</subfield>
    <subfield code="b">Serpente e ramo d&apos;edera attorcigliati a lancia sostenuta da mani uscenti da nubi</subfield>
    <subfield code="e">In utrunque</subfield>
    <subfield code="c">U134</subfield>
    <subfield code="d">Dimensioni: 3,5 x 5</subfield>
    <subfield code="f">SERPENTE</subfield>
    <subfield code="f">EDERA</subfield>
    <subfield code="f">LANCIA</subfield>
    <subfield code="f">MANI</subfield>
    <subfield code="g">1567-1582</subfield>
  </datafield>
  <datafield tag="921" ind1=" " ind2=" ">
    <subfield code="a">IT\ICCU\CNCM\000259</subfield>
    <subfield code="b">Serpente e ramo d&apos;edera attorcigliati a lancia sostenuta da mani uscenti da nubi</subfield>
    <subfield code="e">IN VTRVNQVE</subfield>
    <subfield code="c">V500</subfield>
    <subfield code="c">Z1042</subfield>
    <subfield code="d">Dimensioni: 2,8 x 5,5. Con o senza motto</subfield>
    <subfield code="f">INVTRVNQVE</subfield>
    <subfield code="f">SERPENTE</subfield>
    <subfield code="f">RAMO</subfield>
    <subfield code="f">LANCIA</subfield>
    <subfield code="f">MANI</subfield>
    <subfield code="g">1557-1589</subfield>
  </datafield>
</record>
</collection>
